<record><leader>00000cas a2200000 a 4500</leader><controlfield tag="001">11419018</controlfield><controlfield tag="008">841126d1864190uilucr ne      0   a0eng c</controlfield><datafield ind1=" " ind2=" " tag="010"><subfield code="a">sn 84038649 </subfield></datafield><datafield ind1=" " ind2=" " tag="040"><subfield code="a">NPX</subfield><subfield code="b">eng</subfield><subfield code="c">NPX</subfield><subfield code="d">NPU</subfield><subfield code="d">NVF</subfield><subfield code="d">NVK</subfield><subfield code="d">OCL</subfield><subfield code="d">NVF</subfield><subfield code="d">OCLCQ</subfield><subfield code="d">OCLCF</subfield><subfield code="d">OCLCO</subfield><subfield code="d">NVF</subfield></datafield><datafield ind1=" " ind2=" " tag="042"><subfield code="a">pcc</subfield></datafield><datafield ind1=" " ind2=" " tag="043"><subfield code="a">n-us-il</subfield></datafield><datafield ind1="0" ind2=" " tag="130"><subfield code="a">Sterling gazette (Sterling, Ill. : Weekly)</subfield></datafield><datafield ind1="1" ind2="0" tag="245"><subfield code="a">Sterling gazette.</subfield></datafield><datafield ind1=" " ind2=" " tag="260"><subfield code="a">Sterling, Ill. :</subfield><subfield code="b">C.M. Worthington &amp; Co.,</subfield><subfield code="c">1864-</subfield></datafield><datafield ind1="2" ind2=" " tag="260"><subfield code="3">&lt;1871&gt;-&lt;&gt;</subfield><subfield code="a">Sterling, Ill.</subfield><subfield code="b">: George Terwilliger</subfield></datafield><datafield ind1="3" ind2=" " tag="260"><subfield code="3">&lt;1877&gt;-&lt;&gt;</subfield><subfield code="a">Sterling, Ill.</subfield><subfield code="b">: Eastman &amp; Jenne</subfield></datafield><datafield ind1=" " ind2=" " tag="300"><subfield code="a">volumes ;</subfield><subfield code="c">51 cm.</subfield></datafield><datafield ind1=" " ind2=" " tag="310"><subfield code="a">Semiweekly,</subfield><subfield code="b">&lt;July 3, 1900-Dec. 29, 1903&gt;</subfield></datafield><datafield ind1=" " ind2=" " tag="321"><subfield code="a">Weekly,</subfield><subfield code="b">July 2, 1864-Dec. 26, 1874</subfield></datafield><datafield ind1=" " ind2=" " tag="321"><subfield code="a">Semiweekly,</subfield><subfield code="b">Jan. 2-June 30, 1875</subfield></datafield><datafield ind1=" " ind2=" " tag="321"><subfield code="a">Weekly,</subfield><subfield code="b">July 3, 1875-&lt;Jan. 1, 1897&gt;</subfield></datafield><datafield ind1="0" ind2=" " tag="362"><subfield code="a">Vol. 7, no. 15 (July 2, 1864)-v. 17, no. 42 (Dec. 26, 1874) ; v. 21, no. 1 (Jan. 2, 1875)-</subfield></datafield><datafield ind1=" " ind2=" " tag="530"><subfield code="a">Available on microfilm;</subfield><subfield code="b">Illinois State Historical Library.</subfield></datafield><datafield ind1=" " ind2=" " tag="580"><subfield code="a">Daily eds.: Evening gazette (Sterling, Ill.), 1882-1894, and: Sterling evening gazette, 1894-&lt;1903&gt;</subfield></datafield><datafield ind1=" " ind2=" " tag="588"><subfield code="a">Latest issue consulted: Dec. 29, 1903.</subfield></datafield><datafield ind1=" " ind2="0" tag="651"><subfield code="a">Sterling (Ill.)</subfield><subfield code="v">Newspapers.</subfield></datafield><datafield ind1=" " ind2="0" tag="651"><subfield code="a">Whiteside County (Ill.)</subfield><subfield code="v">Newspapers.</subfield></datafield><datafield ind1=" " ind2="7" tag="651"><subfield code="a">Illinois</subfield><subfield code="z">Sterling.</subfield><subfield code="2">fast</subfield><subfield code="0">(OCoLC)fst01217941</subfield></datafield><datafield ind1=" " ind2="7" tag="651"><subfield code="a">Illinois</subfield><subfield code="z">Whiteside County.</subfield><subfield code="2">fast</subfield><subfield code="0">(OCoLC)fst01208395</subfield></datafield><datafield ind1=" " ind2="7" tag="655"><subfield code="a">Newspapers.</subfield><subfield code="2">fast</subfield><subfield code="0">(OCoLC)fst01423814</subfield></datafield><datafield ind1=" " ind2=" " tag="752"><subfield code="a">United States</subfield><subfield code="b">Illinois</subfield><subfield code="c">Whiteside County</subfield><subfield code="d">Sterling.</subfield></datafield><datafield ind1="0" ind2=" " tag="775"><subfield code="t">Sterling gazette (Sterling, Ill. : Daily fair ed.)</subfield><subfield code="w">(DLC)sn 92053365</subfield><subfield code="w">(OCoLC)26662822</subfield></datafield><datafield ind1="1" ind2=" " tag="775"><subfield code="t">Evening gazette (Sterling, Ill.)</subfield><subfield code="w">(DLC)sn 92053367</subfield><subfield code="w">(OCoLC)26663575</subfield></datafield><datafield ind1="1" ind2=" " tag="775"><subfield code="t">Sterling evening gazette</subfield><subfield code="w">(DLC)sn 92053368</subfield><subfield code="w">(OCoLC)26663711</subfield></datafield><datafield ind1="0" ind2="0" tag="780"><subfield code="t">Sterling Republican gazette</subfield><subfield code="w">(DLC)sn 92053364</subfield><subfield code="w">(OCoLC)26662714</subfield></datafield><datafield ind1="0" ind2="0" tag="785"><subfield code="t">Sterling semi-weekly gazette</subfield><subfield code="w">(DLC)sn 92053366</subfield><subfield code="w">(OCoLC)26663491</subfield></datafield><datafield ind1="1" ind2=" " tag="029"><subfield code="a">AU@</subfield><subfield code="b">000020233011</subfield></datafield></record>